@article{kuhn2008building,
  title={Building predictive models in R using the caret package},
  author={Kuhn, Max},
  journal={Journal of Statistical Software},
  volume={28},
  number={5},
  pages={1--26},
  year={2008},
  publisher={American Statistical Association}
}

@article{friedman2009glmnet,
  title={glmnet: Lasso and elastic-net regularized generalized linear models},
  author={Friedman, Jerome and Hastie, Trevor and Tibshirani, Rob},
  journal={R package version},
  volume={1},
  year={2009}
}

@article{efron2004least,
  title={Least angle regression},
  author={Efron, Bradley and Hastie, Trevor and Johnstone, Iain and Tibshirani, Robert and others},
  journal={The Annals of statistics},
  volume={32},
  number={2},
  pages={407--499},
  year={2004},
  publisher={Institute of Mathematical Statistics}
}

@article{li2014feature,
  title={Feature Selection for Support Vector Machine in the Study of Financial Early Warning System},
  author={Li, Jingxiang and Qin, Yichen and Yi, Danhui and Li, Yang and Shen, Ye},
  journal={Quality and Reliability Engineering International},
  volume={30},
  number={6},
  pages={867--877},
  year={2014},
  publisher={Wiley Online Library}
}

@article{koyuncugil2012financial,
  title={Financial early warning system model and data mining application for risk detection},
  author={Koyuncugil, Ali Serhan and Ozgulbas, Nermin},
  journal={Expert Systems with Applications},
  volume={39},
  number={6},
  pages={6238--6253},
  year={2012},
  publisher={Elsevier}
}

@inproceedings{weston2000feature,
  title={Feature selection for SVMs},
  author={Weston, Jason and Mukherjee, Sayan and Chapelle, Olivier and Pontil, Massimiliano and Poggio, Tomaso and Vapnik, Vladimir},
  booktitle={NIPS},
  volume={12},
  pages={668--674},
  year={2000}
}

@article{guyon2003introduction,
  title={An introduction to variable and feature selection},
  author={Guyon, Isabelle and Elisseeff, Andr{\'e}},
  journal={The Journal of Machine Learning Research},
  volume={3},
  pages={1157--1182},
  year={2003},
  publisher={JMLR. org}
}

@article{saeys2007review,
  title={A review of feature selection techniques in bioinformatics},
  author={Saeys, Yvan and Inza, I{\~n}aki and Larra{\~n}aga, Pedro},
  journal={bioinformatics},
  volume={23},
  number={19},
  pages={2507--2517},
  year={2007},
  publisher={Oxford Univ Press}
}

@article{duan2005multiple,
  title={Multiple SVM-RFE for gene selection in cancer classification with expression data},
  author={Duan, Kai-Bo and Rajapakse, Jagath C and Wang, Haiying and Azuaje, Francisco},
  journal={NanoBioscience, IEEE Transactions on},
  volume={4},
  number={3},
  pages={228--234},
  year={2005},
  publisher={IEEE}
}

@article{bussiere2006towards,
  title={Towards a new early warning system of financial crises},
  author={Bussi{\`e}re, Matthieu and Fratzscher, Marcel},
  journal={journal of International Money and Finance},
  volume={25},
  number={6},
  pages={953--973},
  year={2006},
  publisher={Elsevier}
}

@BOOK{fitzpatrick1932comparison,
  title = {A Comparison of the Ratios of Successful Industrial Entreprises with
	Those of Failed Companies: Paul J. Fitzpatrick,...},
  publisher = {Accountants Publishing Company},
  year = {1932},
  author = {Fitzpatrick, Paul J}
}

@BOOK{secrist1938national,
  title = {National bank failures and non-failures: An autopsy and diagnosis},
  publisher = {The Principia Press},
  year = {1938},
  author = {Secrist, Horace}
}

@ARTICLE{beaver1966financial,
  author = {Beaver, William H},
  title = {Financial ratios as predictors of failure},
  journal = {Journal of accounting research},
  year = {1966},
  pages = {71--111},
  publisher = {JSTOR}
}

@ARTICLE{altman1968financial,
  author = {Altman, Edward I},
  title = {Financial ratios, discriminant analysis and the prediction of corporate
	bankruptcy},
  journal = {The journal of finance},
  year = {1968},
  volume = {23},
  pages = {589--609},
  number = {4},
  publisher = {Wiley Online Library}
}

@ARTICLE{ohlson1980financial,
  author = {Ohlson, James A},
  title = {Financial ratios and the probabilistic prediction of bankruptcy},
  journal = {Journal of accounting research},
  year = {1980},
  volume = {18},
  pages = {109--131},
  number = {1},
  owner = {Administrator},
  timestamp = {2013.07.05}
}

@ARTICLE{coats1993recognizing,
  author = {Coats, Pamela K and Fant, L Franklin},
  title = {Recognizing financial distress patterns using a neural network tool},
  journal = {Financial Management},
  year = {1993},
  pages = {142--155},
  publisher = {JSTOR}
}


@article{song2010feature,
  title={Feature selection for support vector machine in financial crisis prediction: a case study in China},
  author={Song, Xinping and Ding, Yongsheng and Huang, Jingwen and Ge, Yan},
  journal={Expert Systems},
  volume={27},
  number={4},
  pages={299--310},
  year={2010},
  publisher={Wiley Online Library}
}

@article{ashoori2011compare,
  title={Compare failure prediction models based on feature selection technique: empirical case from Iran},
  author={Ashoori, Sarah and Mohammadi, Shahriar},
  journal={Procedia Computer Science},
  volume={3},
  pages={568--573},
  year={2011},
  publisher={Elsevier}
}

@BOOK{vapnik1999nature,
  title = {The nature of statistical learning theory},
  publisher = {springer},
  year = {1999},
  author = {Vapnik, Vladimir}
}

@BOOK{vapnik1982estimation,
  title = {Estimation of dependences based on empirical data},
  publisher = {Springer-Verlag New York},
  year = {1982},
  author = {Vapnik, Vladimir Naumovich and Kotz, Samuel},
  volume = {41}
}

@inproceedings{huang2005weighted,
  title={Weighted support vector machine for classification with uneven training class sizes},
  author={Huang, Yi-Min and Du, Shu-Xin},
  booktitle={Machine Learning and Cybernetics, 2005. Proceedings of 2005 International Conference on},
  volume={7},
  pages={4365--4369},
  year={2005},
  organization={IEEE}
}

ï»¿@article{qiao2009adaptive,
  title={Adaptive weighted learning for unbalanced multicategory classification},
  author={Qiao, Xingye and Liu, Yufeng},
  journal={Biometrics},
  volume={65},
  number={1},
  pages={159--168},
  year={2009},
  publisher={Wiley Online Library}
}

@ARTICLE{tibshirani1996regression,
  author = {Tibshirani, Robert},
  title = {Regression shrinkage and selection via the lasso},
  journal = {Journal of the Royal Statistical Society. Series B (Methodological)},
  year = {1996},
  pages = {267--288},
  publisher = {JSTOR}
}

@inproceedings{zhu20041,
  title={1-norm Support Vector Machines},
  author={Zhu, Ji and Rosset, Saharon and Hastie, Trevor and Tibshirani, Rob},
  booktitle={Advances in Neural Information Processing Systems 16: Proceedings of the 2003 Conference},
  volume={16},
  pages={49},
  year={2004},
  organization={MIT Press}
}

@inproceedings{koshiba2003comparison,
  title={Comparison of L1 and L2 support vector machines},
  author={Koshiba, Yoshiaki and Abe, Shigeo},
  booktitle={Neural Networks, 2003. Proceedings of the International Joint Conference on},
  volume={3},
  pages={2054--2059},
  year={2003},
  organization={IEEE}
}

@article{yuan2010comparison,
  title={A comparison of optimization methods and software for large-scale l1-regularized linear classification},
  author={Yuan, Guo-Xun and Chang, Kai-Wei and Hsieh, Cho-Jui and Lin, Chih-Jen},
  journal={The Journal of Machine Learning Research},
  volume={9999},
  pages={3183--3234},
  year={2010},
  publisher={JMLR. org}
}

@article{ding2008forecasting,
  title={Forecasting financial condition of Chinese listed companies based on support vector machine},
  author={Ding, Yongsheng and Song, Xinping and Zen, Yueming},
  journal={Expert Systems with Applications},
  volume={34},
  number={4},
  pages={3081--3089},
  year={2008},
  publisher={Elsevier}
}

@article{min2005bankruptcy,
  title={Bankruptcy prediction using support vector machine with optimal choice of kernel function parameters},
  author={Min, Jae H and Lee, Young-Chan},
  journal={Expert systems with applications},
  volume={28},
  number={4},
  pages={603--614},
  year={2005},
  publisher={Elsevier}
}

@article{zou2005regularization,
  title={Regularization and variable selection via the elastic net},
  author={Zou, Hui and Hastie, Trevor},
  journal={Journal of the Royal Statistical Society: Series B (Statistical Methodology)},
  volume={67},
  number={2},
  pages={301--320},
  year={2005},
  publisher={Wiley Online Library}
}

@article{meier2008group,
  title={The group lasso for logistic regression},
  author={Meier, Lukas and Van De Geer, Sara and B{\"u}hlmann, Peter},
  journal={Journal of the Royal Statistical Society: Series B (Statistical Methodology)},
  volume={70},
  number={1},
  pages={53--71},
  year={2008},
  publisher={Wiley Online Library}
}

@article{slawski2010feature,
  title={Feature selection guided by structural information},
  author={Slawski, Martin and zu Castell, Wolfgang and Tutz, Gerhard and others},
  journal={The Annals of Applied Statistics},
  volume={4},
  number={2},
  pages={1056--1080},
  year={2010},
  publisher={Institute of Mathematical Statistics}
}